% Encoding: UTF-8

@Book{book,
  title     = {Antennen und Strahlungsfelder},
  publisher = {Vieweg+Teubner},
  year      = {2011},
  author    = {Klaus W. Kark},
}

@Misc{ranges,
  title        = {Antenna Theory, Antenna Measurements},
  howpublished = {http://www.antenna-theory.com/measurements/antenna.php},
  year         = {2011},
}

@Misc{frauenhofer,
  title        = {Antenna Theory, Field Regions},
  howpublished = {http://www.antenna-theory.com/basics/fieldRegions.php},
  year         = {2015},
}

@Misc{script,
  author = {Markus Hufschmid},
  title  = {Antennen},
  year   = {2018},
}

@Comment{jabref-meta: databaseType:bibtex;}
